@conference{alf2008,
  author = "Enrique Alfonseca et al.",
  title = "German Decompounding in a Difficult Corpus",
  booktitle = "Computational Linguistics and Intelligent Text Processing",
  year = "2008"
}

@mastersthesis{marek,
  title = "Analysis of German Compounds Using Weighted Finite State Transducers",
  author = "Torsten Marek",
  year = "2006",
  school = "Eberhard-Karls-Universität Tübingen"
}

@conference{dd,
  author = "Martha Larson et al.",
  title = "Compound splitting and lexical unit recombination for improved performance of a speech recognition system for German parliamentary speeches",
  booktitle = "Proceedings ICSLP 2000: Sixth International Conference on Spoken Language Processing",
  year = "2000"
}
