@conference{alf2008,
  author = "Enrique Alfonseca et al.",
  title = "German Decompounding in a Difficult Corpus",
  booktitle = "Computational Linguistics and Intelligent Text Processing",
  year = "2008"
}